<?xml version="1.0" encoding="UTF-8"?><collection xmlns="http://www.loc.gov/MARC21/slim"><record><leader>00379nam--2200145-i-4500</leader><controlfield tag="001">000016067</controlfield><controlfield tag="002">20161230</controlfield><controlfield tag="005">20161230201031</controlfield><controlfield tag="008">060222s1000------------r-----000-0-eng-d</controlfield><datafield ind1=" " ind2=" " tag="080"><subfield code="a">543.544</subfield></datafield><datafield ind1=" " ind2=" " tag="100"><subfield code="a">Bayer, Ernst</subfield></datafield><datafield ind1=" " ind2=" " tag="245"><subfield code="a">Gaschromatographie</subfield></datafield><datafield ind1=" " ind2=" " tag="260"><subfield code="a">Berlin, Springer-verlag, 1959 163 P</subfield></datafield><datafield ind1=" " ind2=" " tag="490"><subfield code="a">Anleitungen Fur Die Chemische Laboratoriums Pr Axis</subfield></datafield><datafield ind1=" " ind2=" " tag="852"><subfield code="a">76809</subfield></datafield></record></collection>